@article{basuroy2003,
author = {Basuroy, S. and Chatterjee, S. and Ravid, S.},
journal = {Journal Of Marketing},
number = {4},
pages = {103-117},
title = {How Critical Are Critical Reviews? The Box Office Effects of Film Critics, Star Power, and Budgets},
volume = {67},
year = {2003},
doi = {10.1509/jmkg.67.4.103.18692},
}

@inproceedings{chang2008,
author = {Chang, P. and Galley, M. and Manning, C.},
booktitle = {Statmt '08 Proceedings Of The Third Workshop On Statistical Machine},
pages = {224-232},
title = {Optimizing {Chinese} Word Segmentation for Machine Translation Performance},
year = {2008},
month={June},
address={Columbus,Ohio,USA},
eprint = {http://nlp.stanford.edu/pubs/acl-wmt08-cws.pdf},
}

@article{chang2010,
author = {Chang, R. and Kivela, J. and Mak, A.},
journal = {Annals Of Tourism Research},
number = {4},
pages = {989-1011},
title = {Food preferences of {Chinese} tourists},
volume = {37},
year = {2010},
doi = {10.1016/j.annals.2010.03.007},
}

@article{chen1999,
author = {Chen, F. and Tsai, P. and Chen, K. and Huang, C.},
journal = {Computational Linguistics And {Chinese} Language Processing},
number = {2},
pages = {87-104},
title = {The Construction of {Sinica Treebank}},
volume = {4},
year = {1999},
}

@article{cortes1995,
author = {Cortes, C. and Vapnik, V.},
journal = {Machine Learning},
number = {3},
pages = {273-297},
title = {Support-vector networks},
volume = {20},
year = {1995},
doi = {10.1007/bf00994018},
}

@article{hargreaves2015,
author = {Hargreaves, C.},
journal = {American Journal Of Marketing Research},
number = {4},
pages = {208-214},
title = {Analysis of hotel guest satisfaction ratings and reviews: An application in {Singapore}},
volume = {1},
year = {2015},
}

@techreport{jnto2017,
author = {{\relax Japan National Tourism Organization}},
institution = {Japan National Tourism Organization},
note = {(in Japanese)},
title = {April 2017 Foreigner Visits Statistical Data [Data file in Excel format divided by nationality, month and year]},
year = {2017},
url = {http://www.jnto.go.jp/jpn/statistics/visitor_trends/},
}

@article{he2013,
author = {He, W. and Zha, S. and Li, L.},
journal = {International Journal Of Information Management},
number = {3},
pages = {464-472},
title = {Social media competitive analysis and text mining: A case study in the pizza industry},
volume = {22},
year = {2013},
doi = {10.1016/j.ijinfomgt.2013.01.001},
}

@inproceedings{huang1992,
address = {Nantes, France},
author = {Huang, C. and Chen, K.},
booktitle = {Proceedings of the 1992 International Conference on Computational Linguistics (COLING-92)},
pages = {1214-1217},
title = {A {Chinese} Corpus for Linguistics Research},
year = {1992},
}

@inproceedings{huang2005,
address = {Jeju, Korea},
author = {Huang, C. and Kilgarriff, A. and Wu, Y. and Chiu,C. and Smith,S. and Rychlý, P. and Bai, M. and Chen, K.},
booktitle = {Proceedings of the Fourth SIGHAN Workshop on {Chinese} Language Processing},
pages = {48-55},
title = {{Chinese} Sketch Engine and the Extraction of Collocations},
year = {2005},
}

@book{huang2008,
address = {Beijing, China},
author = {Huang, S. and Shih, Y. and Chen, K.},
publisher = {In The First National HowNet Workshop},
title = {E-HowNet: the Expansion of HowNet},
year = {2008},
}

@article{kohavi1995,
author = {Kohavi, R.},
journal = {International Joint Conference On Artificial Intelligence},
pages = {2},
title = {A study of cross-validation and bootstrap for accuracy estimation and model selection},
volume = {14},
year = {1995},
}

@phdthesis{lee2010-a,
author = {Lee, S.},
school = {The Hong Kong Polytechnic University},
title = {A linguistic approach to emotion detection and classification (Ph. D.)},
year = {2010},
}

@inproceedings{lee2010-b,
title={A text-driven rule-based system for emotion cause detection},
author={Lee, Sophia Yat Mei and Chen, Ying and Huang, Chu-Ren},
booktitle={Proceedings of the NAACL HLT 2010 Workshop on Computational Approaches to Analysis and Generation of Emotion in Text},
pages={45-53},
year={2010},
organization={Association for Computational Linguistics}
}

@inproceedings{chen2010emotion,
title={Emotion cause detection with linguistic constructions},
author={Chen, Ying and Lee, Sophia Yat Mei and Li, Shoushan and Huang, Chu-Ren},
booktitle={Proceedings of the 23rd International Conference on Computational Linguistics},
pages={179--187},
year={2010},
organization={Association for Computational Linguistics}
}

@article{ma2015,
author = {Ma, G.},
journal = {Journal Of Ethnic Foods},
number = {4},
pages = {195-199},
title = {Food, eating behavior, and culture in {Chinese} society},
volume = {2},
year = {2015},
doi = {10.1016/j.jef.2015.11.004},
}

@article{nonaka2012,
author = {Nonaka, H. and Kobayahi, A. and Sakaji, H. and Suzuki, Y. and Sakai, H. and Masuyama, S.},
journal = {Journal of Japan Industrial Management Association},
number = {2E},
pages = {105-111},
title = {Extraction of the Effect and the Technology Terms from a Patent Document},
volume = {63},
year = {2012},
}

@inproceedings{nonaka2014,
author = {Nonaka, H. and Kubo, D. and Kimura, M. and Hiraoka, T. and Ota, T. and Masuyama, S.},
booktitle = {Proceedings of the IEEE Technology Management Conference (ITMC)},
pages = {1-4},
title = {Correlation analysis between financial data and patent score based on HITS algorithm.},
year = {2014},
}

@article{powers2011,
author = {Powers, D.},
journal = {Journal Of Machine Learning Technologies},
number = {1},
pages = {37-63},
title = {Evaluation: From Precision, Recall and F-Measure to ROC, Informedness, Markedness \& Correlation},
volume = {2},
year = {2011},
url = {http://www.flinders.edu.au/science_engineering/fms/School-CSEM/publications/tech_reps-research_artfcts/TRRA_2007.pdf},
}

@misc{question,
author = {{\relax Pew Research Center}},
title = {Questionnaire design},
year = {2017},
url = {http://www.pewresearch.org/methodology/u-s-survey-research/questionnaire-design/},
note={Retrieved: 1 June 2017},
}

@article{ryan2001,
author = {Ryan, C. and Mo, X.},
journal = {Journal Of Vacation Marketing},
number = {1},
pages = {13-27},
title = {Chinese visitors to {New Zealand} - Demographics and perceptions},
volume = {8},
year = {2001},
doi={10.1177/135676670200800103}
}

@article{shannon1948,
author = {Shannon, C.},
journal = {Bell System Technical Journal},
number = {3},
pages = {279-423},
title = {A Mathematical Theory of Communication},
volume = {27},
year = {1948},
doi = {10.1002/j.1538-7305.1948.tb01338.x},
}

@article{sun2017,
author = {Sun, Y. and Wei, Y. and Zhang, L.},
journal = {Tourism Management},
pages = {245-252},
title = {International academic impact of {Chinese} tourism research: a review based on the analysis of {SSCI} tourism articles from 2001 to 2012},
volume = {58},
year = {2017},
doi = {10.1016/j.tourman.2016.03.008},
}

@article{truong2009,
author = {Truong, T. and King, B.},
journal = {International Journal Of Tourism Research},
number = {6},
pages = {521-535},
title = {An evaluation of satisfaction levels among {Chinese} tourists in {Vietnam}},
volume = {11},
year = {2009},
doi = {10.1002/jtr.726},
}

@article{vermeulen2009,
author = {Vermeulen, I. and Seegers, D.},
journal = {Tourism Management},
pages = {123-127},
title = {Tried and tested: The impact of online hotel reviews on consumer consideration},
volume = {30},
year = {2009},
doi = {10.1016/j.tourman.2008.04.008},
}

@article{xue2005,
author = {Xue, N. and Xia, F. and Chiou, F. and Palmer, M.},
journal = {Natural Language Engineering},
number = {2},
pages = {207-238},
title = {The {Penn} {Chinese} {TreeBank}: Phrase structure annotation of a large corpus},
volume = {11},
year = {2005},
doi = {10.1017/s135132490400364x},
}

@article{zhang2011,
author = {Zhang, H. and Yu, Z. and Xu, M. and Shi, Y.},
journal = {In Proceedings of the 2011 3Rd International Conference On Computer Research And Development},
pages = {135-140},
title = {Feature-level sentiment analysis for {Chinese} product reviews.},
volume = {2},
year = {2011},
doi = {10.1109/iccrd.2011.5764099},
}

#tourism impacts on japanese economy
@article{Jones2009,
author = {Thomas Jones and Shin Nagata and Monta Nakajima and Kenichiro Masuyama},
year = {2009},
title = {Prefectural branding in {Japan} – Tourism, National Parks and the {Shinshu} brand},
journal = {Place Branding and Public Diplomacy},
volume = {5},
number = {3},
pages = {192-201},
doi = {10.1057/pb.2009.13}
}

# Studies correlations between places and satisfaction, but not the factors leading to satisfaction
@article{romao2014,
  title={Determinants of trip choice, satisfaction and loyalty in an eco-tourism destination: a modelling study on the {Shiretoko Peninsula}, {Japan}},
  author={Rom{\~a}o, Jo{\~a}o and Neuts, Bart and Nijkamp, Peter and Shikida, Asami},
  journal={Ecological Economics},
  volume={107},
  pages={195-205},
  year={2014}
}

@article{yang2014,
title={Predicting hotel demand using destination marketing organization’s web traffic data},
author={Yang, Yang and Pan, Bing and Song, Haiyan},
journal={Journal of Travel Research},
volume={53},
number={4},
pages={433-447},
year={2014},
doi={10.1177/0047287513500391}
}

@article {loh2003,
author = {Loh, Stanley and Lorenzi, Fabiana and Salda{\~n}a, Ramiro and Licthnow, Daniel},
title = {A Tourism Recommender System Based On Collaboration And Text Analysis},
journal = {Information Technology \& Tourism},
year = {2003},
volume = {6},
number = {3},
pages = {157-165},
doi = {10.3727/1098305031436980}
}

# 161 samples
# This study investigates the travel objectives and motivation both first-time and repeat Chinese tourists.
@article{dongyang2015,
  title={A Study on Preferences and Behavioral Patterns of {Chinese} Tourists in {Kansai} Region, {Japan}},
  author={Dongyang, Zhang and Mori, Takeshi and Hayashi, Kenta and others},
  journal={Konan Economic Papers},
  volume={55},
  number={1-2},
  pages={31-46},
  year={2015},
  doi={10.14990/00001507}
}

@article{ye2009,
title = {The impact of online user reviews on hotel room sales},
journal = {International Journal of Hospitality Management},
volume = {28},
number = {1},
pages = {180-182},
year = {2009},
doi = {10.1016/j.ijhm.2008.06.011},
author = {Qiang Ye and Rob Law and Bin Gu}
}

@article{wu2009,
title={Effect of experiential value on customer satisfaction with service encounters in luxury-hotel restaurants},
author={Wu, Cedric Hsi-Jui and Liang, Rong-Da},
journal={International Journal of Hospitality Management},
volume={28},
number={4},
pages={586-593},
year={2009},
doi={10.1016/j.ijhm.2009.03.008}
}


# Heuristic Frequency Analysis, Emotional Judgement unknown (Xiang, 2015)
@article{xiang2015,
author = {Zheng Xiang and Zvi Schwartz and John H. Gerdes and Muzaffer Uysal},
title = {What can big data and text analytics tell us about hotel guest experience and satisfaction?},
journal = {International Journal of Hospitality Management},
volume = {44},
pages = {120-130},
year = {2015},
doi = {10.1016/j.ijhm.2014.10.013}
}

# Text-link analysis 20 reviews (hand picked) (limited to survey)
@article{berezina2016,
title={Understanding Satisfied and Dissatisfied Hotel Customers: Text Mining of Online Hotel Reviews},
author={Berezina, Katerina and Bilgihan, Anil and Cobanoglu, Cihan and Okumus, Fevzi},
journal={Journal of Hospitality Marketing \& Management},
publisher={Routledge},
volume={25},
number={1},
year={2016},
pages={1-24},
doi={10.1080/19368623.2015.983631}
}

# Frequency analysis based on already classified posi/nega corpora, keywords not completely hinged on emotional judgement
@article{xu2016,
title={The antecedents of customer satisfaction and dissatisfaction toward various types of hotels: A text mining approach},
author={Xu, Xun and Li, Yibai},
journal={International journal of hospitality management},
volume={55},
pages={57-69},
year={2016},
doi={10.1016/j.ijhm.2016.03.003}
}

@article{browning2013,
  title={The influence of online reviews on consumers' attributions of service quality and control for service standards in hotels},
  author={Browning, Victoria and So, Kevin Kam Fung and Sparks, Beverley},
  journal={Journal of Travel \& Tourism Marketing},
  volume={30},
  number={1-2},
  pages={23-40},
  year={2013},
  doi={10.1080/10548408.2013.750971}
}

@article{xiang2010,
title = {Role of social media in online travel information search},
journal = {Tourism Management},
volume = {31},
number = {2},
pages = {179-188},
year = {2010},
doi = {10.1016/j.tourman.2009.02.016},
author = {Zheng Xiang and Ulrike Gretzel}
}

@article{zhou2014,
title = {Refreshing hotel satisfaction studies by reconfiguring customer review data},
journal = {International Journal of Hospitality Management},
volume = {38},
pages = {1-10},
year = {2014},
doi = {10.1016/j.ijhm.2013.12.004},
author = {Lingqiang Zhou and Shun Ye and Philip L. Pearce and Mao-Ying Wu}
}

@article{shanka2004,
  title={An investigation into the perceived importance of service and facility attributes to hotel satisfaction},
  author={Shanka, Tekle and Taylor, Ruth},
  journal={Journal of Quality Assurance in Hospitality \& Tourism},
  volume={4},
  number={3-4},
  pages={119-134},
  year={2004},
  doi={10.1300/J162v04n03_08}
}

@article{kozak2002,
year={2002},
title={Measuring Tourist Satisfaction With Multiple Destination Attributes},
author={Kozak, Metin},
journal={Tourism Analysis},
volume={7},
number={3-4},
pages={229-240(12)},
doi={10.3727/108354203108750076}
}

# Combines hotel review scores with text emotion to assign satisfaction level
@article{balbi2018,
title = {Combining different evaluation systems on social media for measuring user satisfaction},
journal = {Information Processing \& Management},
volume = {54},
number = {4},
pages = {674-685},
year = {2018},
doi = {10.1016/j.ipm.2018.04.009},
author = {Simona Balbi and Michelangelo Misuraca and Germana Scepi}
}

# trained machines to tag +- for arabic hotel reviews but didn't use it for customer analysis
@article{alsmadi2018,
title = {Enhancing Aspect-Based Sentiment Analysis of {Arabic} Hotels’ reviews using morphological, syntactic and semantic features},
journal = {Information Processing \& Management},
year = {2018},
doi = {10.1016/j.ipm.2018.01.006},
author = {Mohammad Al-Smadi and Mahmoud Al-Ayyoub and Yaser Jararweh and Omar Qawasmeh}
}

# emotion to helpfulness?
@article{ren2018,
title = {Examining the relationship between specific negative emotions and the perceived helpfulness of online reviews},
journal = {Information Processing \& Management},
year = {2018},
doi = {10.1016/j.ipm.2018.04.003},
author = {Gang Ren and Taeho Hong}
}

# review summarization
@article{hu2017436,
title = {Opinion mining from online hotel reviews – A text summarization approach},
journal = {Information Processing \& Management},
volume = {53},
number = {2},
pages = {436-449},
year = {2017},
doi = {10.1016/j.ipm.2016.12.002},
author = {Ya-Han Hu and Yen-Liang Chen and Hui-Ling Chou}
}

# trained sentiment analysis using chinese Stanford Parser
@article{chen20181325,
title = {Tracking and recognizing emotions in short text messages from online chatting services},
journal = {Information Processing \& Management},
volume = {54},
number = {6},
pages = {1325-1344},
year = {2018},
doi = {10.1016/j.ipm.2018.05.008},
author = {Chih-Hao Chen and Wei-Po Lee and Jhih-Yuan Huang}
}

# uses both sentiment and freq, but with predefined categories of satisfaction
@article{kim2017362,
title = {What makes tourists feel negatively about tourism destinations? Application of hybrid text mining methodology to smart destination management},
journal = {Technological Forecasting and Social Change},
volume = {123},
pages = {362-369},
year = {2017},
doi = {10.1016/j.techfore.2017.01.001},
author = {Kun Kim and Oun-joung Park and Seunghyun Yun and Haejung Yun}
}

@article{liu2017149,
title = {Ranking products through online reviews: A method based on sentiment analysis technique and intuitionistic fuzzy set theory},
journal = {Information Fusion},
volume = {36},
pages = {149-161},
year = {2017},
doi = {10.1016/j.inffus.2016.11.012},
author = {Yang Liu and Jian-Wu Bi and Zhi-Ping Fan}
}

@article{fan201790,
title = {Product sales forecasting using online reviews and historical sales data: A method combining the {Bass} model and sentiment analysis},
journal = {Journal of Business Research},
volume = {74},
pages = {90-100},
year = {2017},
doi = {10.1016/j.jbusres.2017.01.010},
author = {Zhi-Ping Fan and Yu-Jie Che and Zhen-Yu Chen}
}

@article{amplayo201754,
title = {An adaptable fine-grained sentiment analysis for summarization of multiple short online reviews},
journal = {Data \& Knowledge Engineering},
volume = {110},
pages = {54-67},
year = {2017},
doi = {10.1016/j.datak.2017.03.009},
author = {Reinald Kim Amplayo and Min Song}
}

@article{chan201518,
author = {Andrew Chan and Cathy H.C. Hsu and Tom Baum},
title = {The Impact of Tour Service Performance on Tourist Satisfaction and Behavioral Intentions: A Study of {Chinese} Tourists in {Hong Kong}},
journal = {Journal of Travel \& Tourism Marketing},
volume = {32},
number = {1-2},
pages = {18-33},
year  = {2015},
doi = {10.1080/10548408.2014.986010}
}

##########################
##########################
##########################
##########################



@article{bollen2011,
author = {Bollen, J. and Mao, H. and Zeng, X.},
journal = {Journal Of Computational Science},
number = {1},
pages = {1-8},
title = {Twitter mood predicts the stock market},
volume = {2},
year = {2011},
doi = {10.1016/j.jocs.2010.12.007},
}

@inproceedings{oconnor2010,
author = {O'Connor, B. and Balasubramanyan, R. and Routledge, B. and Smith, N.},
booktitle = {Proceedings Of The Fourth International AAAI Conference On Weblogs And Social Media},
pages = {122–129},
publisher = {11(1-2)},
title = {From tweets to polls: Linking text sentiment to public opinion time series},
year = {2010},
}